@misc{ContributorstoWikimediaprojects2022Jun,
	author = {{Contributors to Wikimedia projects}},
	title = {{{\cyrchar\CYRG}{\cyrchar\cyre}{\cyrchar\cyrn}{\cyrchar\cyre}{\cyrchar\cyrt}{\cyrchar\cyri}{\cyrchar\cyrch}{\cyrchar\cyre}{\cyrchar\cyrs}{\cyrchar\cyrk}{\cyrchar\cyri}{\cyrchar\cyrishrt} {\cyrchar\cyra}{\cyrchar\cyrl}{\cyrchar\cyrg}{\cyrchar\cyro}{\cyrchar\cyrr}{\cyrchar\cyri}{\cyrchar\cyrt}{\cyrchar\cyrm} {\ifmmode---\else\textemdash\fi} {\cyrchar\CYRV}{\cyrchar\cyri}{\cyrchar\cyrk}{\cyrchar\cyri}{\cyrchar\cyrp}{\cyrchar\cyre}{\cyrchar\cyrd}{\cyrchar\cyri}{\cyrchar\cyrya}}},
	year = {2022},
	month = jun,
	note = {[Online; accessed 25. Jul. 2022]},
	url = {https://ru.wikipedia.org/w/index.php?title=%D0%93%D0%B5%D0%BD%D0%B5%D1%82%D0%B8%D1%87%D0%B5%D1%81%D0%BA%D0%B8%D0%B9_%D0%B0%D0%BB%D0%B3%D0%BE%D1%80%D0%B8%D1%82%D0%BC&oldid=123395472}
}

@misc{Anna2019Jun,
	author = {Anna},
	title = {{{\cyrchar\CYRCH}{\cyrchar\cyrt}{\cyrchar\cyro} {\cyrchar\cyrt}{\cyrchar\cyra}{\cyrchar\cyrk}{\cyrchar\cyro}{\cyrchar\cyre} {\cyrchar\cyrg}{\cyrchar\cyre}{\cyrchar\cyrn}{\cyrchar\cyre}{\cyrchar\cyrt}{\cyrchar\cyri}{\cyrchar\cyrch}{\cyrchar\cyre}{\cyrchar\cyrs}{\cyrchar\cyrk}{\cyrchar\cyri}{\cyrchar\cyre} {\cyrchar\cyra}{\cyrchar\cyrl}{\cyrchar\cyrg}{\cyrchar\cyro}{\cyrchar\cyrr}{\cyrchar\cyri}{\cyrchar\cyrt}{\cyrchar\cyrm}{\cyrchar\cyrery}}},
	year = {2019},
	month = jun,
	note = {[Online; accessed 25. Jul. 2022]},
	url = {https://neurohive.io/ru/osnovy-data-science/chto-takoe-geneticheskie-algoritmy}
}

@misc{BibEntry2022Jul,
	title = {{{\cyrchar\CYRO}{\cyrchar\cyrn}{\cyrchar\cyrl}{\cyrchar\cyra}{\cyrchar\cyrishrt}{\cyrchar\cyrn} {\cyrchar\cyru}{\cyrchar\cyrch}{\cyrchar\cyre}{\cyrchar\cyrb}{\cyrchar\cyrn}{\cyrchar\cyri}{\cyrchar\cyrk} {\cyrchar\cyrp}{\cyrchar\cyro} Delphi 7}},
	year = {2022},
	month = jul,
	note = {[Online; accessed 25. Jul. 2022]},
	url = {https://delphi.support.uz}
}

@misc{Kirsanov20112014Oct,
	author = {Kirsanov2011},
	title = {{{\cyrchar\CYRG}{\cyrchar\cyre}{\cyrchar\cyrn}{\cyrchar\cyre}{\cyrchar\cyrt}{\cyrchar\cyri}{\cyrchar\cyrch}{\cyrchar\cyre}{\cyrchar\cyrs}{\cyrchar\cyrk}{\cyrchar\cyri}{\cyrchar\cyrishrt} {\cyrchar\cyra}{\cyrchar\cyrl}{\cyrchar\cyrg}{\cyrchar\cyro}{\cyrchar\cyrr}{\cyrchar\cyri}{\cyrchar\cyrt}{\cyrchar\cyrm}}},
	journal = {YouTube},
	year = {2014},
	month = oct,
	publisher = {Youtube},
	note = {[Online; accessed 25. Jul. 2022]},
	url = {https://www.youtube.com/watch?v=ttsZV01aYYU}
}

@misc{BibEntry2022Jul,
	title = {{{\cyrchar\CYRI}{\cyrchar\cyrz}{\cyrchar\cyru}{\cyrchar\cyrch}{\cyrchar\cyra}{\cyrchar\cyre}{\cyrchar\cyrm} Delphi - {\cyrchar\cyrk}{\cyrchar\cyrn}{\cyrchar\cyri}{\cyrchar\cyrg}{\cyrchar\cyra} {\cyrchar\cyrp}{\cyrchar\cyro} {\cyrchar\CYRD}{\cyrchar\cyre}{\cyrchar\cyrl}{\cyrchar\cyrsftsn}{\cyrchar\cyrf}{\cyrchar\cyri}, {\cyrchar\cyrk}{\cyrchar\cyro}{\cyrchar\cyrt}{\cyrchar\cyro}{\cyrchar\cyrr}{\cyrchar\cyru}{\cyrchar\cyryu} {\cyrchar\cyrm}{\cyrchar\cyro}{\cyrchar\cyrzh}{\cyrchar\cyrn}{\cyrchar\cyro} {\cyrchar\cyrp}{\cyrchar\cyrr}{\cyrchar\cyro}{\cyrchar\cyrch}{\cyrchar\cyri}{\cyrchar\cyrt}{\cyrchar\cyra}{\cyrchar\cyrt}{\cyrchar\cyrsftsn} {\cyrchar\cyrv} {\cyrchar\cyro}{\cyrchar\cyrn}{\cyrchar\cyrl}{\cyrchar\cyra}{\cyrchar\cyrishrt}{\cyrchar\cyrn}{\cyrchar\cyre}}},
	year = {2022},
	month = jul,
	note = {[Online; accessed 25. Jul. 2022]},
	url = {http://www.snkey.net/books/delphi}
}

@article{xn--f0a2dflp3acgq5c2002,
	author = {{\cyrchar\CYRG}{\cyrchar\cyre}{\cyrchar\cyrn}{\cyrchar\cyrr}{\cyrchar\cyri}{\cyrchar\cyrh}{\cyrchar\cyro}{\cyrchar\cyrv}{\cyrchar\cyrn}{\cyrchar\cyra}, {\cyrchar\CYRK}{\cyrchar\cyrl}{\cyrchar\cyri}{\cyrchar\cyrm}{\cyrchar\cyrk}{\cyrchar\cyro} {\cyrchar\CYRE}{\cyrchar\cyrl}{\cyrchar\cyre}{\cyrchar\cyrn}{\cyrchar\cyra}},
	title = {{{\cyrchar\CYRG}{\cyrchar\cyre}{\cyrchar\cyrn}{\cyrchar\cyre}{\cyrchar\cyrt}{\cyrchar\cyri}{\cyrchar\cyrch}{\cyrchar\cyre}{\cyrchar\cyrs}{\cyrchar\cyrk}{\cyrchar\cyri}{\cyrchar\cyrishrt} {\cyrchar\cyra}{\cyrchar\cyrl}{\cyrchar\cyrg}{\cyrchar\cyro}{\cyrchar\cyrr}{\cyrchar\cyri}{\cyrchar\cyrt}{\cyrchar\cyrm} {\cyrchar\cyrk}{\cyrchar\cyra}{\cyrchar\cyrk} {\cyrchar\cyrr}{\cyrchar\cyra}{\cyrchar\cyrz}{\cyrchar\cyrn}{\cyrchar\cyro}{\cyrchar\cyrv}{\cyrchar\cyri}{\cyrchar\cyrd}{\cyrchar\cyrn}{\cyrchar\cyro}{\cyrchar\cyrs}{\cyrchar\cyrt}{\cyrchar\cyrsftsn} {\cyrchar\cyrerev}{\cyrchar\cyrv}{\cyrchar\cyro}{\cyrchar\cyrl}{\cyrchar\cyryu}{\cyrchar\cyrc}{\cyrchar\cyri}{\cyrchar\cyro}{\cyrchar\cyrn}{\cyrchar\cyrn}{\cyrchar\cyro}{\cyrchar\cyrg}{\cyrchar\cyro} {\cyrchar\cyra}{\cyrchar\cyrl}{\cyrchar\cyrg}{\cyrchar\cyro}{\cyrchar\cyrr}{\cyrchar\cyri}{\cyrchar\cyrt}{\cyrchar\cyrm}{\cyrchar\cyra}}},
	journal = {{\cyrchar\CYRR}{\cyrchar\cyra}{\cyrchar\cyrd}{\cyrchar\cyri}{\cyrchar\cyro}{\cyrchar\cyrerev}{\cyrchar\cyrl}{\cyrchar\cyre}{\cyrchar\cyrk}{\cyrchar\cyrt}{\cyrchar\cyrr}{\cyrchar\cyro}{\cyrchar\cyrn}{\cyrchar\cyri}{\cyrchar\cyrk}{\cyrchar\cyra} {\cyrchar\cyri} {\cyrchar\cyri}{\cyrchar\cyrn}{\cyrchar\cyrf}{\cyrchar\cyro}{\cyrchar\cyrr}{\cyrchar\cyrm}{\cyrchar\cyra}{\cyrchar\cyrt}{\cyrchar\cyri}{\cyrchar\cyrk}{\cyrchar\cyra}},
	number = {2 (19)},
	year = {2002},
	issn = {1563-0064},
	publisher = {{\cyrchar\CYRH}{\cyrchar\cyra}{\cyrchar\cyrr}{\cyrchar\cyrsftsn}{\cyrchar\cyrk}{\cyrchar\cyro}{\cyrchar\cyrv}{\cyrchar\cyrs}{\cyrchar\cyrk}{\cyrchar\cyri}{\cyrchar\cyrishrt} {\cyrchar\cyrn}{\cyrchar\cyra}{\cyrchar\cyrc}{\cyrchar\cyri}{\cyrchar\cyro}{\cyrchar\cyrn}{\cyrchar\cyra}{\cyrchar\cyrl}{\cyrchar\cyrsftsn}{\cyrchar\cyrn}{\cyrchar\cyrery}{\cyrchar\cyrishrt} {\cyrchar\cyru}{\cyrchar\cyrn}{\cyrchar\cyri}{\cyrchar\cyrv}{\cyrchar\cyre}{\cyrchar\cyrr}{\cyrchar\cyrs}{\cyrchar\cyri}{\cyrchar\cyrt}{\cyrchar\cyre}{\cyrchar\cyrt} {\cyrchar\cyrr}{\cyrchar\cyra}{\cyrchar\cyrd}{\cyrchar\cyri}{\cyrchar\cyro}{\cyrchar\cyrerev}{\cyrchar\cyrl}{\cyrchar\cyre}{\cyrchar\cyrk}{\cyrchar\cyrt}{\cyrchar\cyrr}{\cyrchar\cyro}{\cyrchar\cyrn}{\cyrchar\cyri}{\cyrchar\cyrk}{\cyrchar\cyri}},
	url = {https://cyberleninka.ru/article/n/geneticheskiy-algoritm-kak-raznovidnost-evolyutsionnogo-algoritma}
}

@book{BibEntry,
	title = {{{\cyrchar\CYRG}{\cyrchar\cyre}{\cyrchar\cyrn}{\cyrchar\cyre}{\cyrchar\cyrt}{\cyrchar\cyri}{\cyrchar\cyrch}{\cyrchar\cyre}{\cyrchar\cyrs}{\cyrchar\cyrk}{\cyrchar\cyri}{\cyrchar\cyre} {\cyrchar\cyra}{\cyrchar\cyrl}{\cyrchar\cyrg}{\cyrchar\cyro}{\cyrchar\cyrr}{\cyrchar\cyri}{\cyrchar\cyrt}{\cyrchar\cyrm}{\cyrchar\cyrery} {\cyrchar\cyrn}{\cyrchar\cyra} Python}},
	journal = {Labirint},
	url = {https://www.labirint.ru/books/756485}
}
@book{myers2011art,
  title={The art of software testing},
  author={Myers, Glenford J and Sandler, Corey and Badgett, Tom},
  year={2011},
  publisher={John Wiley \& Sons}
}
